<record xmlns="http://www.loc.gov/MARC21/slim" xmlns:xsi="http://www.w3.org/2001/XMLSchema-instance" xsi:schemaLocation="http://www.loc.gov/MARC21/slim http://www.loc.gov/standards/marcxml/schema/MARC21slim.xsd"><leader>01326nam a2200289   4500</leader><controlfield tag="001">001682333</controlfield><controlfield tag="003">NNU</controlfield><controlfield tag="006">m        d        </controlfield><controlfield tag="007">cr cn |||m|||a</controlfield><controlfield tag="008">150116m19539999mr      ob    000 0 ara d</controlfield><datafield ind1=" " ind2=" " tag="040"><subfield code="a">NNU</subfield><subfield code="b">eng</subfield><subfield code="c">NNU</subfield></datafield><datafield ind1="1" ind2=" " tag="100"><subfield code="a">Bin-&#699;Abd All&#257;h, &#699;Abd al-&#699;Az&#299;z.</subfield></datafield><datafield ind1="1" ind2="3" tag="245"><subfield code="a">al-Falsafah wa-al-akhl&#257;q &#699;inda Ibn al-Kha&#7789;&#299;b</subfield><subfield code="h">[electronic resource] /</subfield><subfield code="c">bi-qalam &#699;Abd al-&#699;Az&#299;z ibn &#699;Abd All&#257;h.</subfield></datafield><datafield ind1=" " ind2=" " tag="260"><subfield code="a">Ti&#7789;w&#257;n :</subfield><subfield code="b">D&#257;r al-&#7788;ib&#257;&#699;ah al-Maghrib&#299;yah,</subfield><subfield code="c">1953-</subfield></datafield><datafield ind1=" " ind2=" " tag="300"><subfield code="a">online resource (v.)</subfield></datafield><datafield ind1=" " ind2=" " tag="500"><subfield code="a">Title on p. [4] of cover: La filosof&#237;a y la moral en Ibn Al-Ja&#7789;&#299;b.</subfield></datafield><datafield ind1=" " ind2=" " tag="500"><subfield code="a">Part of the Arabic Collections Online (ACO) project, contributed by New York Univeristy Libraries.</subfield></datafield><datafield ind1=" " ind2=" " tag="504"><subfield code="a">Bibliographical footnotes.</subfield></datafield><datafield ind1=" " ind2=" " tag="533"><subfield code="a">Electronic reproduction.</subfield><subfield code="b">New York, N.Y. :</subfield><subfield code="c">New York University,</subfield><subfield code="d">2015.</subfield><subfield code="5">NNU</subfield></datafield><datafield ind1="0" ind2="0" tag="600"><subfield code="a">Ibn al-Kha&#7789;&#299;b,</subfield><subfield code="d">d. 1374.</subfield></datafield><datafield ind1="2" ind2=" " tag="710"><subfield code="a">New York University.</subfield><subfield code="b">Libraries.</subfield></datafield><datafield ind1="0" ind2=" " tag="730"><subfield code="a">Arabic Collections Online.</subfield></datafield><datafield ind1="0" ind2="1" tag="740"><subfield code="a">Filosofia y la moral en Ibn Al-Ja&#7789;&#299;b.</subfield></datafield><datafield ind1="0" ind2="8" tag="776"><subfield code="i">Print version:</subfield><subfield code="a">Bin-&#699;Abd All&#257;h, &#699;Abd al-&#699;Az&#299;z.</subfield><subfield code="t">al-Falsafah wa-al-akhl&#257;q &#699;inda Ibn al-Kha&#7789;&#299;b</subfield><subfield code="w">(NNU)001682333</subfield></datafield><datafield ind1="4" ind2="0" tag="856"><subfield code="u">http://hdl.handle.net/2333.1/g1jwsx0b</subfield></datafield><datafield ind1=" " ind2=" " tag="959"><subfield code="a">NNU</subfield><subfield code="b">WEB</subfield><subfield code="c">GENI</subfield><subfield code="t">0</subfield><subfield code="m">Electronic access</subfield><subfield code="s">01</subfield></datafield><datafield ind1=" " ind2=" " tag="999"><subfield code="i">NNU_001682333</subfield><subfield code="o" /><subfield code="e">(ERROR-880)</subfield></datafield></record>